@article{lindquist2008statistical,
  title={The statistical analysis of fMRI data},
  author={Lindquist, Martin A and others},
  journal={Statistical Science},
  volume={23},
  number={4},
  pages={439--464},
  year={2008},
  publisher={Institute of Mathematical Statistics}
}


@article{CohenSelfControl,
  title={The Development and Generality of Self-Control},
  author={Jessica Rachel Cohen},
  journal={ProQuest},
  pages={164},
  year={2009},
  publisher={Umi Dissertation Publishing}
}
